% If changing the name of the bib file, change \bibliography{test} at the bottom
@article{BrittanicaSpectroscopy,
  title = {Spectroscopy - Applications},
  journal = {Encyclopedia Britannica},
  url    = "\url{https://www.britannica.com/science/spectroscopy/Applications}",
}

@article{Esposti,
  author  = {Esposti, C. Degli and Bizzocchi, L.},
  title = {Absorption and emission spectroscopy of a lasing material: Ruby},
  journal = {Journal of Chemical Education},
  year={2007},
  volume={84},
  issue={8},
  pages={1316},
  url   = "\url{https://pubs.acs.org/doi/pdf/10.1021/ed084p131}",
}

@article{Kusuma,
  author  = {H. H. Kusuma and B. Astuti and Z. Ibrahim},
  title = {Absorption and emission properties of ruby single crystal},
  year={2019},
  jounral = {Journal of Physics: Conference Series},
  volume={1170},
  pages={012054},
  url    = "\url{https://iopscience.iop.org/article/10.1088/1742-6596/1170/1/012054/pdf}",
}

@article{Song,
  author  = {Ci Song and Yin Hand and Changtai Xia and Jun Xu and Guoqing Zhou},
  title ={Characteristics of large-sized ruby crystal grown by temperature gradient technique},
  year={2005},
  journal={Optical Materials},
  volume={27},
  issue={4},
  pages={699-703},
  url    = "\url{https://citeseerx.ist.psu.edu/viewdoc/download?doi=10.1.1.528.2254&rep=rep1&type=pdf}",
}

@article{Mani,
  author  = {Anna Mani},
  year = {1942},
  title = {Fluorescence, Absorption, and Scattering of Light in Ruby},
  journal = {Proceedings of the Indian Academy of Sciences. Mathematical sciences},
  volume = {15},
  issue = {1},
  url    = "\url{https://www.ias.ac.in/article/fulltext/seca/015/01/0052-0063}",
}

@article{Kumari,
  title = {Optical and structural characterization of pulsed laser deposited ruby thin films for temperature sensing application},
journal = {Applied Surface Science},
volume = {265},
pages = {180-186},
year = {2013},
issn = {0169-4332},
doi = {https://doi.org/10.1016/j.apsusc.2012.10.163},
url = {https://www.sciencedirect.com/science/article/pii/S0169433212019174},
author = {Satchi Kumari and Alika Khare},
}

@article{Berezin,
    title={Fluorescence lifetime measurements and biological imaging},
    volume={110},
    DOI={10.1021/cr900343z},
    number={5},
    journal={Chemical Reviews}, 
    author={Berezin, Mikhail Y. and Achilefu, Samuel},
    year={2010}, 
    pages={2641â€“2684},
      url    = "\url{https://www.ncbi.nlm.nih.gov/pmc/articles/PMC2924670/}",
} 

@article{seat,  author={Seat, H.C. and Sharp, J.H.},  journal={IEEE Transactions on Instrumentation and Measurement},   title={Dedicated temperature sensing with c-axis oriented single-crystal ruby fibers: temperature and strain dependences of R-line fluorescence},   year={2004},  volume={53},  number={1},  pages={140-154},  doi={10.1109/TIM.2003.822010},
url    = "\url{https://ieeexplore.ieee.org/document/1259538?arnumber=1259538}"
}


@article{Nelson,
  title={Relation between Absorption and Emission in the Region of the R Lines of Ruby},
  author={Donald Frederick Nelson and Michael D. Sturge},
  journal={Physical Review},
  year={1965},
  volume={137},
  pages={1117-1130},
  url    = "\url{https://journals.aps.org/pr/pdf/10.1103/PhysRev.137.A1117}",
}

@article{Jones,
author = {Jones,Z.  and Hinds,J.  and Woznichak,S.  and Calamai,A. },
title = {Revisiting the Room-Temperature Metastable 2E Lifetime in Ruby for an Upper Division Phosphorescence Laboratory Experiment},
journal = {Journal of Undergraduate Reports in Physics},
volume = {30},
number = {1},
pages = {100004},
year = {2020},
doi = {10.1063/10.0002044},

url = "\url{https://doi.org/10.1063/10.0002044}" },
}

@article{Brown,
author = {Brown,G. C. },
title = {Fluorescence Lifetimes of Ruby},
journal = {Journal of Applied Physics},
volume = {35},
number = {10},
pages = {3062-3063},
year = {1964},
  url    = "\url{https://aip.scitation.org/doi/10.1063/1.1713175}",
}

@article{McBane,
author = {McBane, George and Cannella, Christian and Schaertel, Stephanie},
year = {2017},
month = {11},
pages = {},
title = {A Low-Cost Time-Resolved Spectrometer for the Study of Ruby Emission},
volume = {95},
journal = {Journal of Chemical Education},
  url    = "\url{https://pubs.acs.org/doi/pdf/10.1021/acs.jchemed.7b00438}",
}

@article{SpectrometerData,
title = {USB2000+ Data Sheet
},
  author  = {{Ocean Optics}},
  url    = "\url{https://ph208.edu.physics.uoc.gr/pdfs/OEM-Data-Sheet-USB2000-.pdf}",
  note = "\url{https://ph208.edu.physics.uoc.gr/pdfs/OEM-Data-Sheet-USB2000-.pdf}"
}

@misc{Heiman,
  author = {D. Heiman},
  title = {Spectroscopy of Ruby Fluorescence},
  note = "\url{https://web.northeastern.edu/heiman/3600/RUBY.pdf}",
  year = 2021, 
}

@article {Yamaoka,
author = {Yamaoka,Hitoshi  and Zekko,Yumiko  and Jarrige,Ignace  and Lin,Jung-Fu  and Hiraoka,Nozomu  and Ishii,Hirofumi  and Tsuei,Ku-Ding  and Mizuki,Jun'ichiro },
title = {Ruby pressure scale in a low-temperature diamond anvil cell},
journal = {Journal of Applied Physics},
volume = {112},
number = {12},
pages = {124503},
year = {2012},
}

@book{BeerLambert,
  author = {of Pure, International Union and Chemistry, Applied},
  title = {IUPAC Compendium of Chemical Terminology -- The Gold Book},
  page = 153,
  year = 2014,
    url = "\url{https://goldbook.iupac.org/}"
}

@article{rubyRefraction, 
title={Ruby Value, Price, and Jewelry Information},  
url = "\url{https://www.gemsociety.org/article/ruby-jewelry-and-gemstone-information/}",
journal={International Gem Society}, publisher={International Gem Society},
year={2021},
month={May}}

@article{3levelDiagram, 
title={Wikipedia - Population Inversion},  
publisher={Wikipedia},
author={Bob Mellish},
note = "\url{https://en.wikipedia.org/wiki/Population_inversion#Three-level_lasers}",
}